%  you will need to comment out the \bibliography{P27} line in your P27.tex file

%    example how to to reference another paper in this volume, use something like P12 for the PID

@MISC{2019ascl.soft02012A,
       author = {{Astropy-Specutils Development Team}},
        title = "{Specutils: Spectroscopic analysis and reduction}",
     keywords = {Software},
 howpublished = {Astrophysics Source Code Library, record ascl:1902.012},
         year = 2019,
        month = feb,
          eid = {ascl:1902.012},
        pages = {ascl:1902.012},
archivePrefix = {ascl},
       eprint = {1902.012},
       adsurl = {https://ui.adsabs.harvard.edu/abs/2019ascl.soft02012A},
      adsnote = {Provided by the SAO/NASA Astrophysics Data System}
}
